<record><leader>00000cas a22000007a 4500</leader><controlfield tag="001">10190557</controlfield><controlfield tag="008">831206u198uuuuucauwr ne      0   e0chird</controlfield><controlfield tag="009">467</controlfield><datafield ind1=" " ind2=" " tag="010"><subfield code="a">sn 83005166 </subfield></datafield><datafield ind1=" " ind2=" " tag="040"><subfield code="a">NSD</subfield><subfield code="b">eng</subfield><subfield code="c">NSD</subfield><subfield code="d">CNK</subfield><subfield code="d">OCLCQ</subfield></datafield><datafield ind1=" " ind2=" " tag="012"><subfield code="l">1</subfield></datafield><datafield ind1="1" ind2=" " tag="022"><subfield code="a">0741-7012</subfield><subfield code="l">0741-7012</subfield><subfield code="2">1</subfield></datafield><datafield ind1="1" ind2=" " tag="029"><subfield code="a">AU@</subfield><subfield code="b">000015610732</subfield></datafield><datafield ind1=" " ind2=" " tag="037"><subfield code="b">International Publications USA, 870 Monterey Pass Road, Monterey Park, CA 91754</subfield></datafield><datafield ind1=" " ind2=" " tag="042"><subfield code="a">nsdp</subfield><subfield code="a">msc</subfield></datafield><datafield ind1=" " ind2=" " tag="043"><subfield code="a">n-us---</subfield></datafield><datafield ind1=" " ind2="0" tag="222"><subfield code="a">Guo&#769;ji&#768; zhou&#772;ba&#768;o</subfield></datafield><datafield ind1="0" ind2="0" tag="245"><subfield code="a">Kuo ji zhou bao =</subfield><subfield code="b">Chinese weekly post.</subfield></datafield><datafield ind1="3" ind2="1" tag="246"><subfield code="a">Chinese weekly post</subfield></datafield><datafield ind1=" " ind2=" " tag="260"><subfield code="a">Monterey Park, CA :</subfield><subfield code="b">International Publications</subfield></datafield><datafield ind1=" " ind2=" " tag="300"><subfield code="a">v.</subfield></datafield><datafield ind1=" " ind2=" " tag="310"><subfield code="a">Weekly</subfield></datafield><datafield ind1=" " ind2=" " tag="588"><subfield code="a">Description based on: 32 (Nov. 5, 1983).</subfield></datafield><datafield ind1=" " ind2="0" tag="651"><subfield code="a">Chinese</subfield><subfield code="z">United States</subfield><subfield code="v">Newspapers.</subfield></datafield><datafield ind1=" " ind2=" " tag="752"><subfield code="a">United States</subfield><subfield code="b">California</subfield><subfield code="c">Los Angeles</subfield><subfield code="d">Monterey Park.</subfield></datafield><datafield ind1="0" ind2=" " tag="772"><subfield code="t">Kuo ji ri bao</subfield><subfield code="x">0741-126X</subfield></datafield><datafield ind1=" " ind2=" " tag="936"><subfield code="a">Nov. 5, 1983</subfield></datafield></record>